@book{womak:lean-thinking,
    author  = {James P. Womack, Daniel T. Jones},
    title   = {Lean Thinking, Second Editon},
    publisher = {Simon \& Schuster, Inc.},
    year    = {2010}
}



@online{site:state-dapps,
    title   = {State of the Dapps},
    url     = {http://www.stateofthedapps.com}
}

@book{farah:The-Dawn-of-Decentralized-Identity,
    author={Homan Farahmand},
    title={Blockchain: The Dawn of Decentralized Identity (G00303143)},
    year={2016},
    publisher={Gartner}
}



@book{ISO:Systems-and-software-engineering,
    author={ISO/IEC JTC 1/SC 7 Software and systems engineering },
    title={ISO/IEC 12207:2008 Systems and software engineering -- Software life cycle processes},
    year={2008}
}

@online{site:solidity-documentation,
    title   = {Documentazione Solidity},
    url     = {http://solidity.readthedocs.io/en/v0.4.24/}
}

@online{site:truffle,
    title   = {Sito Truffle Framework},
    url     = {http://www.truffleframework.com/}
}

@online{site:ganache,
    title   = {Sito Ganache},
    url     = {http://www.truffleframework.com/ganache/}
}

@online{site:mist,
    title   = {Repository Mist},
    url     = {http://github.com/ethereum/mist/}
}

@online{site:metamask,
    title   = {Sito Metamask},
    url     = {http://www.metamask.io/}
}

@online{site:ethereum-yellow-paper,
    title = {Yellow Paper Ethereum},
    url = {https://github.com/ethereum/yellowpaper}
}
@online{site:parity,
    title   = {Sito Parity},
    url     = {http://www.wiki.parity.io/}
}
@online{site:event-driven,
    title   = {Descrizione Event Driven},
    url     = {www.math.unipd.it/~rcardin/sweb/2018/Software%20Architecture%20Patterns_4x4.pdf}
} 

@online{site:parity,
    title   = {Sito Parity},
    url     = {http://www.status.im/}
}

@online{site:51-attack,
    title = {51 percent attack},
    url = {http://www.cryptoitalia.org/bitcoin-il-51-attack/}
}

@online{site:kantar-study,
    title = {Diffusione sistemi mobili},
    url = {https://www.kantar.com/}
}


@online{site:uml,
    title = {Sito UML},
    url = {http://www.uml.org/}
}

@book{som:swe,
    author  = {Ian Sommerville},
    title   = {Ingegneria del Software, Decima edizione},
    publisher = {Pearson Education},
    year    = {2017}
}
